<?xml version = "1.0" encoding = "UTF-8"?><record>
  <leader>01453naa#a2200385#c#4500</leader>
  <controlfield tag="005">20210409150946.0</controlfield>
  <controlfield tag="007">tu</controlfield>
  <controlfield tag="008">190211|2019####gw############|||#|#ger#c</controlfield>
  <controlfield tag="003">DE-605</controlfield>
  <controlfield tag="001">990227740140206441</controlfield>
  <datafield tag="035" ind1=" " ind2=" ">
    <subfield code="a">(DE-605)HT019965834</subfield>
  </datafield>
  <datafield tag="040" ind1=" " ind2=" ">
    <subfield code="a">6</subfield>
    <subfield code="b">ger</subfield>
    <subfield code="d">6</subfield>
    <subfield code="e">rda</subfield>
  </datafield>
  <datafield tag="041" ind1=" " ind2=" ">
    <subfield code="a">ger</subfield>
  </datafield>
  <datafield tag="044" ind1=" " ind2=" ">
    <subfield code="c">XA-DE</subfield>
  </datafield>
  <datafield tag="084" ind1=" " ind2=" ">
    <subfield code="a">Westm&#252;nsterland</subfield>
    <subfield code="0">https://nwbib.de/spatial#Q1746460</subfield>
    <subfield code="2">nwbib</subfield>
  </datafield>
  <datafield tag="084" ind1=" " ind2=" ">
    <subfield code="a">Nordrhein-Westfalen</subfield>
    <subfield code="0">https://nwbib.de/spatial#N01</subfield>
    <subfield code="2">nwbib</subfield>
  </datafield>
  <datafield tag="084" ind1=" " ind2=" ">
    <subfield code="a">Regionalplanung</subfield>
    <subfield code="0">https://nwbib.de/subjects#N572030</subfield>
    <subfield code="2">nwbib</subfield>
  </datafield>
  <datafield tag="084" ind1=" " ind2=" ">
    <subfield code="a">Wirtschaftsf&#246;rderung</subfield>
    <subfield code="0">https://nwbib.de/subjects#N543020</subfield>
    <subfield code="2">nwbib</subfield>
  </datafield>
  <datafield tag="100" ind1="1" ind2=" ">
    <subfield code="a">Barthels, Lisa</subfield>
    <subfield code="0">(DE-588)1153090309</subfield>
    <subfield code="4">aut</subfield>
    <subfield code="0">(uri) https://portal.dnb.de/opac.htm?method=simpleSearch&amp;cqlMode=true&amp;query=idn=1153090309</subfield>
    <subfield code="0">(uri) http://viaf.org/viaf/sourceID/DNB|1153090309</subfield>
    <subfield code="B">GND-1153090309</subfield>
  </datafield>
  <datafield tag="245" ind1="1" ind2="0">
    <subfield code="a">ZukunftsLAND REGIONALE 2016</subfield>
    <subfield code="b">innovative Formate in der Stadt- und Regionalentwicklung</subfield>
    <subfield code="c">Lisa Barthels</subfield>
  </datafield>
  <datafield tag="264" ind1=" " ind2="1">
    <subfield code="c">2019</subfield>
  </datafield>
  <datafield tag="300" ind1=" " ind2=" ">
    <subfield code="b">Illustrationen</subfield>
  </datafield>
  <datafield tag="336" ind1=" " ind2=" ">
    <subfield code="b">txt</subfield>
  </datafield>
  <datafield tag="337" ind1=" " ind2=" ">
    <subfield code="b">n</subfield>
  </datafield>
  <datafield tag="338" ind1=" " ind2=" ">
    <subfield code="b">nc</subfield>
  </datafield>
  <datafield tag="689" ind1="0" ind2="0">
    <subfield code="a">Regionale</subfield>
    <subfield code="g">Nordrhein-Westfalen</subfield>
    <subfield code="n">8.</subfield>
    <subfield code="d">2016</subfield>
    <subfield code="c">M&#252;nsterland, West</subfield>
    <subfield code="D">f</subfield>
    <subfield code="0">(DE-588)1112476229</subfield>
    <subfield code="0">(uri) https://portal.dnb.de/opac.htm?method=simpleSearch&amp;cqlMode=true&amp;query=idn=1112476229</subfield>
    <subfield code="0">(uri) http://viaf.org/viaf/sourceID/DNB|1112476229</subfield>
    <subfield code="B">GND-1112476229</subfield>
  </datafield>
  <datafield tag="689" ind1="0" ind2="1">
    <subfield code="a">Regionalentwicklung</subfield>
    <subfield code="D">s</subfield>
    <subfield code="0">(DE-588)4076605-6</subfield>
    <subfield code="0">(uri) https://portal.dnb.de/opac.htm?method=simpleSearch&amp;cqlMode=true&amp;query=idn=040766055</subfield>
    <subfield code="0">(uri) http://viaf.org/viaf/sourceID/DNB|040766055</subfield>
    <subfield code="B">GND-040766055</subfield>
  </datafield>
  <datafield tag="689" ind1="0" ind2="2">
    <subfield code="a">L&#228;ndlicher Raum</subfield>
    <subfield code="D">s</subfield>
    <subfield code="0">(DE-588)4034026-0</subfield>
    <subfield code="0">(uri) https://portal.dnb.de/opac.htm?method=simpleSearch&amp;cqlMode=true&amp;query=idn=040340260</subfield>
    <subfield code="0">(uri) http://viaf.org/viaf/sourceID/DNB|040340260</subfield>
    <subfield code="B">GND-040340260</subfield>
  </datafield>
  <datafield tag="689" ind1="0" ind2="3">
    <subfield code="a">Strukturpolitik</subfield>
    <subfield code="D">s</subfield>
    <subfield code="0">(DE-588)4066520-3</subfield>
    <subfield code="0">(uri) https://portal.dnb.de/opac.htm?method=simpleSearch&amp;cqlMode=true&amp;query=idn=040665208</subfield>
    <subfield code="0">(uri) http://viaf.org/viaf/sourceID/DNB|040665208</subfield>
    <subfield code="B">GND-040665208</subfield>
  </datafield>
  <datafield tag="773" ind1="0" ind2="8">
    <subfield code="i">Enthalten in</subfield>
    <subfield code="t">Raumplanung</subfield>
    <subfield code="d">Dortmund, Januar/Februar 2019</subfield>
    <subfield code="g">200 = 2019, 1 (Januar/Februar 2019), Seite 25-31</subfield>
    <subfield code="w">(DE-605)HT006930605</subfield>
  </datafield>
  <datafield tag="960" ind1="1" ind2=" ">
    <subfield code="n">NWBib-6</subfield>
  </datafield>
  <datafield tag="964" ind1="0" ind2="s">
    <subfield code="F">030</subfield>
    <subfield code="A">a|zur||||||17</subfield>
  </datafield>
  <datafield tag="964" ind1="0" ind2="s">
    <subfield code="F">050</subfield>
    <subfield code="A">a|a|||||||||||</subfield>
  </datafield>
  <datafield tag="964" ind1="0" ind2="s">
    <subfield code="F">051</subfield>
    <subfield code="A">at||||||</subfield>
  </datafield>
  <datafield tag="035" ind1=" " ind2=" ">
    <subfield code="a">(DE-599)HBZHT019965834</subfield>
  </datafield>
  <datafield tag="MBD" ind1=" " ind2=" ">
    <subfield code="M">49HBZ_NETWORK</subfield>
    <subfield code="i">990227740140206441</subfield>
    <subfield code="n">HBZ Network</subfield>
  </datafield>
  <datafield tag="MNG" ind1=" " ind2=" ">
    <subfield code="c">System</subfield>
    <subfield code="f">ILS</subfield>
    <subfield code="i">marc21</subfield>
    <subfield code="k">01</subfield>
    <subfield code="e">false</subfield>
    <subfield code="d">2021-04-09 15:09:46 Europe/Berlin</subfield>
    <subfield code="g">022774014-HBZ01</subfield>
    <subfield code="j">60</subfield>
    <subfield code="a">import</subfield>
    <subfield code="b">2021-04-06 04:21:30 Europe/Berlin</subfield>
  </datafield>
  <datafield tag="GST" ind1=" " ind2=" ">
    <subfield code="a">Wirtschaftsstrukturpolitik</subfield>
    <subfield code="A">GND</subfield>
    <subfield code="B">GND-040665208</subfield>
    <subfield code="C">450</subfield>
  </datafield>
  <datafield tag="GST" ind1=" " ind2=" ">
    <subfield code="a">Wirtschaftsstruktur</subfield>
    <subfield code="x">Strukturpolitik</subfield>
    <subfield code="A">GND</subfield>
    <subfield code="B">GND-040665208</subfield>
    <subfield code="C">450</subfield>
  </datafield>
  <datafield tag="GST" ind1=" " ind2=" ">
    <subfield code="a">Strukturfo&#776;rderung</subfield>
    <subfield code="A">GND</subfield>
    <subfield code="B">GND-040665208</subfield>
    <subfield code="C">450</subfield>
  </datafield>
  <datafield tag="GST" ind1=" " ind2=" ">
    <subfield code="a">Strukturfo&#776;rderpolitik</subfield>
    <subfield code="A">GND</subfield>
    <subfield code="B">GND-040665208</subfield>
    <subfield code="C">450</subfield>
  </datafield>
  <datafield tag="GST" ind1=" " ind2=" ">
    <subfield code="a">Strukturplanung</subfield>
    <subfield code="A">GND</subfield>
    <subfield code="B">GND-040665208</subfield>
    <subfield code="C">450</subfield>
  </datafield>
  <datafield tag="GST" ind1=" " ind2=" ">
    <subfield code="a">Wirtschaftsstrukturplanung</subfield>
    <subfield code="A">GND</subfield>
    <subfield code="B">GND-040665208</subfield>
    <subfield code="C">450</subfield>
  </datafield>
  <datafield tag="GST" ind1=" " ind2=" ">
    <subfield code="a">Wirtschaftsstruktur</subfield>
    <subfield code="x">Strukturplanung</subfield>
    <subfield code="A">GND</subfield>
    <subfield code="B">GND-040665208</subfield>
    <subfield code="C">450</subfield>
  </datafield>
  <datafield tag="GSI" ind1="7" ind2=" ">
    <subfield code="a">http://d-nb.info/gnd/4066520-3</subfield>
    <subfield code="2">uri</subfield>
    <subfield code="A">GND</subfield>
    <subfield code="B">GND-040665208</subfield>
    <subfield code="C">024</subfield>
  </datafield>
  <datafield tag="GST" ind1=" " ind2=" ">
    <subfield code="a">Land</subfield>
    <subfield code="g">La&#776;ndlicher Raum</subfield>
    <subfield code="A">GND</subfield>
    <subfield code="B">GND-040340260</subfield>
    <subfield code="C">450</subfield>
  </datafield>
  <datafield tag="GST" ind1=" " ind2=" ">
    <subfield code="a">Agrarraum</subfield>
    <subfield code="A">GND</subfield>
    <subfield code="B">GND-040340260</subfield>
    <subfield code="C">450</subfield>
  </datafield>
  <datafield tag="GST" ind1=" " ind2=" ">
    <subfield code="a">La&#776;ndliche Region</subfield>
    <subfield code="A">GND</subfield>
    <subfield code="B">GND-040340260</subfield>
    <subfield code="C">450</subfield>
  </datafield>
  <datafield tag="GST" ind1=" " ind2=" ">
    <subfield code="a">La&#776;ndliches Gebiet</subfield>
    <subfield code="A">GND</subfield>
    <subfield code="B">GND-040340260</subfield>
    <subfield code="C">450</subfield>
  </datafield>
  <datafield tag="GSI" ind1="7" ind2=" ">
    <subfield code="a">http://d-nb.info/gnd/4034026-0</subfield>
    <subfield code="2">uri</subfield>
    <subfield code="A">GND</subfield>
    <subfield code="B">GND-040340260</subfield>
    <subfield code="C">024</subfield>
  </datafield>
  <datafield tag="GST" ind1=" " ind2=" ">
    <subfield code="a">Region</subfield>
    <subfield code="x">Entwicklung</subfield>
    <subfield code="A">GND</subfield>
    <subfield code="B">GND-040766055</subfield>
    <subfield code="C">450</subfield>
  </datafield>
  <datafield tag="GST" ind1=" " ind2=" ">
    <subfield code="a">Regionale Entwicklung</subfield>
    <subfield code="A">GND</subfield>
    <subfield code="B">GND-040766055</subfield>
    <subfield code="C">450</subfield>
  </datafield>
  <datafield tag="GSI" ind1="7" ind2=" ">
    <subfield code="a">http://d-nb.info/gnd/4076605-6</subfield>
    <subfield code="2">uri</subfield>
    <subfield code="A">GND</subfield>
    <subfield code="B">GND-040766055</subfield>
    <subfield code="C">024</subfield>
  </datafield>
  <datafield tag="GSI" ind1="7" ind2=" ">
    <subfield code="a">http://d-nb.info/gnd/1112476229</subfield>
    <subfield code="2">uri</subfield>
    <subfield code="A">GND</subfield>
    <subfield code="B">GND-1112476229</subfield>
    <subfield code="C">024</subfield>
  </datafield>
  <datafield tag="GSI" ind1="7" ind2=" ">
    <subfield code="a">http://d-nb.info/gnd/1153090309</subfield>
    <subfield code="2">uri</subfield>
    <subfield code="A">GND</subfield>
    <subfield code="B">GND-1153090309</subfield>
    <subfield code="C">024</subfield>
  </datafield>
</record>